<?xml version="1.0" encoding="UTF-8"?><collection xmlns="http://www.loc.gov/MARC21/slim"><record><leader>00492nam--2200169-i-4500</leader><controlfield tag="001">000004897</controlfield><controlfield tag="002">20161230</controlfield><controlfield tag="005">20170114214243</controlfield><controlfield tag="008">060222s1000------------r-----000-0-eng-d</controlfield><datafield ind1=" " ind2=" " tag="100"><subfield code="a">Bieber, Herman</subfield></datafield><datafield ind1=" " ind2=" " tag="245"><subfield code="a">Chemical engineering calculations. Mass and energy balances</subfield></datafield><datafield ind1=" " ind2=" " tag="260"><subfield code="a">New York</subfield><subfield code="b">Mcgraw-hill Book Co,Inc</subfield><subfield code="c">1959</subfield></datafield><datafield ind1=" " ind2=" " tag="300"><subfield code="a">XI + 441 p</subfield></datafield><datafield ind1=" " ind2=" " tag="490"><subfield code="a">Mcgraw-hill Series In Chemical Engineering</subfield></datafield><datafield ind1=" " ind2=" " tag="700"><subfield code="a">Henley, J. Ernest</subfield></datafield><datafield ind1=" " ind2=" " tag="852"><subfield code="a">14855</subfield></datafield><datafield ind1=" " ind2=" " tag="CAT"><subfield code="a">SYS</subfield><subfield code="c">20170114</subfield><subfield code="h">214243</subfield></datafield></record></collection>